%References for the first thesis paper

%About dynamical systems in psychology
@book{richardson2014complex,
  title={Complex dynamical systems in social and personality psychology: Theory, modeling, and analysis},
  author={Richardson, Michael J and Dale, Rick and Marsh, Kerry L},
  year={2014},
  publisher={Cambridge University Press}
}

@article{testing_for_threshold_nonlinearity,
  title={Testing and modeling threshold autoregressive processes},
  author={Tsay, Ruey S},
  journal={Journal of the American statistical association},
  volume={84},
  number={405},
  pages={231--240},
  year={1989},
  publisher={Taylor \& Francis}
}

@book{box_jenkins,
  title={Time series analysis: Forecasting and control},
  author={Box, George EP and Jenkins, Gwilym M and Reinsel, Gregory C and Ljung, Greta M},
  year={2015},
  publisher={John Wiley \& Sons, Inc.}
}

@article{aiccp,
  title={Information criterion for Gaussian change-point model},
  author={Ninomiya, Yoshiyuki},
  journal={Statistics \& probability letters},
  volume={72},
  pages={237--247},
  year={2005},
  publisher={Elsevier}
}

@book{chatfield,
  title={The analysis of time series: An introduction with R},
  author={Chatfield, Chris and Xing, Haipeng},
  year={2019},
  publisher={CRC press}
}

@book{dynamical_systems_tong,
  title={Non-linear time series: A dynamical system approach},
  author={Tong, Howell},
  year={1990},
  publisher={Oxford university press}
}

@book{bolger2013intensive,
  title={Intensive longitudinal methods: An introduction to diary and experience sampling research},
  author={Bolger, Niall and Laurenceau, Jean-Philippe},
  year={2013},
  publisher={Guilford press}
}

@book{walls2006models,
  title={Models for intensive longitudinal data},
  author={Walls, Theodore A and Schafer, Joseph L},
  year={2006},
  publisher={Oxford University Press}
}

@book{gilmore,
  title={Catastrophe theory for scientists and engineers},
  author={Gilmore, Robert},
  year={1993},
  publisher={Courier Corporation}
}

@incollection{hamaker_within,
	title = {Why researchers should think ``within-person'': {A} paradigmatic rationale},
	booktitle = {Handbook of research methods for studying daily life},
	editor = {Mehl, M. R. and Conner, T. S.},
	publisher = {The Guilford Press},
	author = {Hamaker, Ellen L},
	year = {2012},
	pages = {43--61}
}

@article{skewness_oisin,
  title={Multimodality and skewness in emotion time series},
  author={Haslbeck, Jonas and Ryan, Ois{\'\i}n and Dablander, Fabian},
  journal={Emotion},
  year={2023},
  pages = {Advance online publication},
  publisher={American Psychological Association}
}

@article{ljungbox,
  title={On a measure of lack of fit in time series models},
  author={Ljung, Greta M and Box, George EP},
  journal={Biometrika},
  volume={65},
  pages={297--303},
  year={1978},
  publisher={Oxford University Press}
}

@article{skewness_2,
  title={Diurnal mood variation in major depressive disorder.},
  author={Peeters, Frenk and Berkhof, Johannes and Delespaul, Philippe and Rottenberg, Jonathan and Nicolson, Nancy A},
  journal={Emotion},
  volume={6},
  number={3},
  pages={383},
  year={2006},
  publisher={American Psychological Association}
}

@article{skewness_3,
  title={Can Floor Effects Explain Increased Affective Reactivity Among Depressed Individuals Found in Experience Sampling Research?},
  author={Von Klipstein, Lino and Servaas, Michelle and Lamers, Femke and Schoevers, Robert and Wardenaar, Klaas and Riese, Harriette},
  year={2022},
  publisher={PsyArXiv}
}

@article{bimodality_han,
  title={Stagewise cognitive development: an application of catastrophe theory.},
  author={Van der Maas, Han L and Molenaar, Peter C},
  journal={Psychological review},
  volume={99},
  number={3},
  pages={395},
  year={1992},
  publisher={American Psychological Association}
}


@article{CT_relapse,
	title = {Relapse as a nonlinear dynamic system: {Application} to patients with alcohol use disorders},
	volume = {112},
	shorttitle = {Relapse as a nonlinear dynamic system},
	doi = {10.1037/0021-843X.112.2.219},
	journal = {Journal of abnormal psychology},
	author = {Hufford, Michael and Witkiewitz, Katie and Shields, Alan and Kodya, Suzanne and Caruso, John},
	year = {2003},
	pages = {219--27}
}


@article{CT_pitch,
	title = {Perceptual hysteresis in the judgment of auditory pitch shift},
	volume = {76},
	doi = {10.3758/s13414-014-0676-5},
	journal = {Attention, Perception, \& Psychophysics},
	author = {Chambers, Claire and Pressnitzer, Daniel},
	year = {2014},
	pages = {1271--1279}
}


@article{CT_housing,
	title = {Can a stochastic cusp catastrophe model explain housing market crashes?},
	volume = {69},
	doi = {10.1016/j.jedc.2016.05.008},
	journal = {Journal of Economic Dynamics and Control},
	author = {Diks, Cees and Wang, Juanxi},
	year = {2016},
	pages = {68--88}
}



@article{CT_driving,
	title = {The effect of prior task loading on mental workload: An example of hysteresis in driving},
	volume = {53},
	doi = {10.1177/0018720810393505},
	journal = {Human Factors: The Journal of the Human Factors and Ergonomics Society},
	author = {Morgan, Justin F. and Hancock, Peter A.},
	year = {2011},
	pages = {75--86}
}

@article{CT_sport,
	title = {Performance catastrophes in sport: A test of the hysteresis hypothesis},
	volume = {12},
	doi = {10.1080/02640419408732178},
	journal = {Journal of Sports Sciences},
	author = {Hardy, Lew and Parfitt, Gaynor and Pates, John},
	year = {1994},
	keywords = {experiment},
	pages = {327--334}
}


@article{alcohol_use,
	title = {Substance abuse as a dynamical disease: Evidence and clinical implications of nonlinearity in a time series of daily alcohol consumption},
	journal = {Addictive Behaviors},
	author = {Warren, Keith and Hawkins, Raymond C and Sprott, Julien C},
	year = {2003},
	pages = {369--374},
	volume = {28}
}




@incollection{CT_social_sciences,
  title={Some models from catastrophe theory in the social sciences},
  author={Isnard, CA and Zeeman, E Christopher},
  booktitle={The use of models in the social sciences},
  pages={44--100},
  year={2019},
  publisher={Routledge}
}


@inproceedings{cobb,
  title={Estimation theory for the cusp catastrophe model. Revised Edition},
  author={Cobb, Loren},
  booktitle={Proceedings of the American Statistical Association Section on Survey Research Methods},
  pages={772--776},
  year={2010}
}

@article{molenaar_manifesto,
  title={A manifesto on psychology as idiographic science: Bringing the person back into scientific psychology, this time forever},
  author={Molenaar, Peter CM},
  journal={Measurement},
  volume={2},
  pages={201--218},
  year={2004},
  publisher={Taylor \& Francis}
}

@article{CT_limitations1,
	title = {Detecting and modelling developmental transitions},
	volume = {16},
	doi = {10.1111/j.2044-835X.1998.tb00751.x},
	journal = {British Journal of Developmental Psychology},
	author = {Hartelman, Pascal AI and van der Maas, Han LJ and Molenaar, Peter CM},
	year = {1998},
	pages = {97--122},
}


@article{CT_limitations2,
	title = {Transformation invariant stochastic catastrophe theory},
	volume = {211},
	doi = {10.1016/j.physd.2005.08.014},
	journal = {Physica D: Nonlinear Phenomena},
	author = {Wagenmakers, Eric-Jan and Molenaar, Peter C. M. and Grasman, Raoul P. P. P. and Hartelman, Pascal A. I. and van der Maas, Han L. J.},
	year = {2005},
	pages = {263--276}
}


@article{attitudes_vdmaas,
	title = {Sudden transitions in attitudes},
	volume = {32},
	journal = {Sociological Methods \& Research},
	author = {van der Maas, H. L. J. and Kolstein, Rogier and van der Pligt, Joop},
	year = {2003},
	pages = {125--152}
}



@article{R_cusp,
	title = {Fitting the cusp catastrophe in R : A cusp package primer},
	volume = {32},
	doi = {10.18637/jss.v032.i08},
	journal = {Journal of Statistical Software},
	author = {Grasman, Raoul P. P. P. and Maas, Han L. J. van der and Wagenmakers, Eric-Jan},
	year = {2009}
}


@article{tar,
  title={Threshold autoregression, limit cycles and cyclical data},
  author={Tong, Howell and Lim, Keng S},
  journal={Journal of the Royal Statistical Society: Series B (Methodological)},
  volume={42},
  pages={245--268},
  year={1980}
}

@article{tar_in_economics,
  title={Threshold autoregression in economics},
  author={Hansen, Bruce E},
  journal={Statistics and its Interface},
  volume={4},
  pages={123--127},
  year={2011}
}

@article{information_criteria_tar,
	title = {Using information criteria to determine the number of regimes in threshold autoregressive models},
	volume = {53},
	doi = {10.1016/j.jmp.2009.07.006},
	journal = {Journal of Mathematical Psychology},
	author = {Hamaker, Ellen L},
	year = {2009},
	pages = {518--529}
}

@article{tar_affect_dyadic1,
  title={Get over it! A multilevel threshold autoregressive model for state-dependent affect regulation},
  author={De Haan-Rietdijk, Silvia and Gottman, John M and Bergeman, Cindy S and Hamaker, Ellen L},
  journal={Psychometrika},
  volume={81},
  pages={217--241},
  year={2016}
}

@article{tar_affect_dyadic2,
  title={Using threshold autoregressive models to study dyadic interactions},
  author={Hamaker, Ellen L and Zhang, Zhiyong and van der Maas, Han L.J.},
  journal={Psychometrika},
  volume={74},
  pages={727--745},
  year={2009},
  publisher={Springer}
}

@incollection{tar_affect_person1,
  title={Regime-switching models to study psychological processes},
  author={Hamaker, Ellen L and Grasman, Raoul PPP and Kamphuis, JH},
  editor = {Molenaar PCM and Newell KM},
  booktitle = {Individual pathways of change: Statistical models for analyzing learning and development},
  publisher = {American Psychological Association},
  pages = {155--168},
  year={2010},
  doi = {10.1037/12140-009}
}


@phdthesis{tar_affect_person2,
  title={Uncovering change in emotion regulation in clinical practice with the threshold autoregressive model},
  author={Groot, Jens de},
  year={2022},
  type = {Doctoral dissertation}
}


@article{borsboom_psychometric_2008,
	title = {Psychometric perspectives on diagnostic systems},
	volume = {64},
	doi = {10.1002/jclp.20503},
	journal = {Journal of Clinical Psychology},
	author = {Borsboom, Denny},
	year = {2008},
	pages = {1089--1108},
}


@article{bar1,
  title={Testing for the buffered autoregressive processes},
  author={Zhu, Ke and Yu, Philip LH and Li, Wai Keung},
  journal={Statistica Sinica},
  pages={971--984},
  year={2014},
  publisher={JSTOR}
}

@article{bar2,
  title={Hysteretic autoregressive time series models},
  author={Li, Guodong and Guan, Bo and Li, Wai Keung and Yu, Philip LH},
  journal={Biometrika},
  volume={102},
  pages={717--723},
  year={2015},
  publisher={Oxford University Press}
}

@article{chen2016double,
  title={On double hysteretic heteroskedastic model},
  author={Chen, Cathy WS and Truong, Buu-Chau},
  journal={Journal of Statistical Computation and Simulation},
  volume={86},
  pages={2684--2705},
  year={2016},
  publisher={Taylor \& Francis}
}

@article{chen,
  title={On hysteretic vector autoregressive model with applications},
  author={Chen, Cathy WS and Than-Thi, Hong and So, Mike KP},
  journal={Journal of Statistical Computation and Simulation},
  volume={89},
  pages={191--210},
  year={2019},
  publisher={Taylor \& Francis}
}

@article{liu,
  title={Self-excited hysteretic negative binomial autoregression},
  author={Liu, Mengya and Li, Qi and Zhu, Fukang},
  journal={AStA Advances in Statistical Analysis},
  volume={104},
  pages={385--415},
  year={2020},
  publisher={Springer}
}

@article{tsay,
  title={Multivariate hysteretic autoregressive models},
  author={Tsay, Ruey S},
  journal={Statistica Sinica},
  volume={31},
  pages={2257--2274},
  year={2021}
}



@Manual{R_NTS,
    title = {NTS: Nonlinear Time Series Analysis},
    author = {Ruey Tsay and Rong Chen and Xialu Liu},
    year = {2020},
    note = {R package version 1.1.2},
    url = {https://CRAN.R-project.org/package=NTS}
}


@article{li_least_2012,
	title = {On the least squares estimation of multiple-regime threshold autoregressive models},
	volume = {167},
	doi = {10.1016/j.jeconom.2011.11.006},
	journal = {Journal of Econometrics},
	author = {Li, Dong and Ling, Shiqing},
	year = {2012},
	pages = {240--253}
}



@Manual{R_hystar,
    title = {hystar: Fit the hysteretic TAR model to time series data},
    author = {De Jong, D},
    year = {2022},
    note = {R package version 1.2.0},
    url = {https://CRAN.R-project.org/package=hystar}
}


@book{hysteresis_mathematical,
  title={Mathematical models of hysteresis and their applications},
  author={Mayergoyz, Isaak D},
  year={2003},
  publisher={Academic press}
}

@article{speedaccuracy,
  title={A phase transition model for the speed-accuracy trade-off in response time experiments},
  author={Dutilh, Gilles and Wagenmakers, Eric-Jan and Visser, Ingmar and van der Maas, Han LJ},
  journal={Cognitive Science},
  volume={35},
  pages={211--250},
  year={2011}
}


@article{notimelikethepresent,
	title = {No time like the present: Discovering the hidden dynamics in intensive longitudinal data},
	volume = {26},
	doi = {10.1177/0963721416666518},
	journal = {Current Directions in Psychological Science},
	author = {Hamaker, Ellen L. and Wichers, Marieke},
	year = {2017},
	pages = {10--15}
}


@article{chow2014regime,
  title={A regime-switching longitudinal model of alcohol lapse-relapse},
  author={Chow, Sy-Miin and Witkiewitz, Katie and Grasman, Raoul and Hutton, R Shane and Maisto, Stephen A},
  journal={Handbook of developmental systems theory and methodology},
  pages={397--422},
  year={2014}
}

@article{preisach,
  title = {Über die magnetische nachwirkung},
  author = {Preisach, Ferenc},
  journal = {Zeitschrift f{\"u}r Physik},
  year = {1935},
  pages = {277--302},
  volume = {94}
}
  

@article{CT_thom,
  title={Stabilit{\'e} structurelle et morphogen{\`e}se},
  author={Thom, Ren{\'e}},
  journal={Poetics},
  volume={3},
  pages={7--19},
  year={1974}
}

@article{msem,
	title = {The cusp catastrophe model as cross-sectional and longitudinal mixture structural equation models.},
	volume = {20},
	doi = {10.1037/a0038962},
	journal = {Psychological Methods},
	author = {Chow, Sy-Miin and Witkiewitz, Katie and Grasman, Raoul and Maisto, Stephen A.},
	year = {2015},
	pages = {142--164}
}


@article{cramer_major_2016,
	title = {Major depression as a complex dynamic system},
	volume = {11},
	doi = {10.1371/journal.pone.0167490},
	journal = {PLOS ONE},
	author = {Cramer, Angélique O. J. and van Borkulo, Claudia D. and Giltay, Erik J. and van der Maas, Han L. J. and Kendler, Kenneth S. and Scheffer, Marten and Borsboom, Denny},
	year = {2016},
	pages = {e0167490}
}

@article{network_data,
  title={Sex-specific genetic influences on the comorbidity of alcoholism and major depression in a population-based sample of US twins},
  author={Prescott, Carol A and Aggen, Steven H and Kendler, Kenneth S},
  journal={Archives of general psychiatry},
  volume={57},
  pages={803--811},
  year={2000}
}




@book{strogatz,
  title={Nonlinear dynamics and chaos with student solutions manual: With applications to physics, biology, chemistry, and engineering},
  author={Strogatz, Steven H},
  year={2018},
  publisher={CRC press}
}


@Manual{R,
    title = {R: A Language and Environment for Statistical Computing},
    author = {{R Core Team}},
    organization = {R Foundation for Statistical Computing},
    year = {2022},
    url = {https://www.R-project.org/}
}


@article{kuppens_emotional_2010,
	title = {Emotional inertia and psychologicla maladjustment},
	volume = {21},
	doi = {10.1177/0956797610372634},
	journal = {Psychological Science},
	author = {Kuppens, Peter and Allen, Nicholas B. and Sheeber, Lisa B.},
	year = {2010},
	pages = {984--991}
}


@article{koval_getting_2012,
	title = {Getting stuck in depression: {The} roles of rumination and emotional inertia},
	doi = {10.1080/02699931.2012.667392},
	journal = {Cognition and Emotion},
	author = {Koval, Peter and Kuppens, Peter and Allen, Nicholas B. and Sheeber, Lisa},
	year = {2012},
	pages = {1412--1427}
}

@article{cusp_example_1,
	title = {A cusp catastrophe model for adolescent alcohol use: An empirical test},
	author = {Clair, Scott},
	year = {1998},
	pages = {217--241}
}

@article{cusp_example_2,
	title = {Stress, anxiety and performance},
	volume = {2},
	doi = {10.1016/S1440-2440(99)80175-3},
	year = {1999},
	journal = {Journal of Science and Medicine in Sport},
	author = {Hardy, Lew},
	year = {1999},
	pages = {227--233}
}



@article{cusp_example_3,
	title = {‘Suddenly I get into the zone’: Examining discontinuities and nonlinear changes in flow experiences at work},
	volume = {65},
	doi = {10.1177/0018726712447116},
	journal = {Human Relations},
	author = {Ceja, Lucia and Navarro, Jose},
	year = {2012},
	pages = {1101--1147}
}

@article{changing_inertia_1,
	title = {Changing emotion dynamics: {Individual} differences in the effect of anticipatory social stress on emotional inertia.},
	volume = {12},
	doi = {10.1037/a0024756},
	journal = {Emotion},
	author = {Koval, Peter and Kuppens, Peter},
	year = {2012},
	pages = {256--267}
}

@article{changing_inertia_2,
	title = {Changing dynamics: {Time}-varying autoregressive models using generalized additive modeling.},
	volume = {22},
	doi = {10.1037/met0000085},
	journal = {Psychological Methods},
	author = {Bringmann, Laura F. and Hamaker, Ellen L. and Vigo, Daniel E. and Aubert, André and Borsboom, Denny and Tuerlinckx, Francis},
	year = {2017},
	pages = {409--425}
}


